@inproceedings{aa,
		title={SDN-based TCP congestion control in data center networks},
		author={Lu, Yifei and Zhu, Shuhong},
		booktitle={2015 IEEE 34th International Performance Computing and Communications Conference (IPCCC)},
		pages={1--7},
		year={2015},
		organization={IEEE}
	}

@inproceedings{bb,
	title={SDN based testbeds for evaluating and promoting multipath TCP},
	author={Sonkoly, Bal{\'a}zs and N{\'e}meth, Felici{\'a}n and Csikor, Levente and Guly{\'a}s, L{\'a}szl{\'o} and Guly{\'a}s, Andr{\'a}s},
	booktitle={2014 IEEE International Conference on Communications (ICC)},
	pages={3044--3050},
	year={2014},
	organization={IEEE}
}
@inproceedings{cc,
	title={A congestion avoidance algorithm in SDN environment},
	author={Song, Seungbeom and Lee, Jaiyong and Son, Kyuho and Jung, Hangyong and Lee, Jihoon},
	booktitle={2016 International Conference on Information Networking (ICOIN)},
	pages={420--423},
	year={2016},
	organization={IEEE}
}
@inproceedings{dd,
	title={NS-2 TCP-Linux: an NS-2 TCP implementation with congestion control algorithms from Linux},
	author={Wei, David X and Cao, Pei},
	booktitle={Proceeding from the 2006 workshop on ns-2: the IP network simulator},
	pages={9},
	year={2006},
	organization={ACM}
}
@article{ee,
	title={Scenario Based Performance Analysis of Variants of TCP using NS2-Simulator},
	author={Yuvaraju, BN and Chiplunkar, Niranjan N},
	journal={International Journal of Computer Applications},
	volume={975},
	pages={8887},
	year={2010},
	publisher={Citeseer}
}

@inproceedings{ff,
	title={Measuring end-to-end bandwidth with Iperf using Web100},
	author={Tirumala, Ajay and Dunigan, Tom and Cottrell, Les},
	booktitle={Presented at},
	number={SLAC-PUB-9733},
	year={2003}
}

@article{gg,
	title={Iperf tutorial},
	author={Dugan, Jon},
	journal={Columbus: Summer JointTechs},
	pages={1--4},
	year={2010}
}

@article{hh,
	title={A Tutorial of 802.11 Implementation in ns-2},
	author={Wang, Yue and Yue, On-Ching},
	journal={arXiv preprint arXiv:1202.3576},
	year={2012}
}